% Encoding: UTF-8

@Misc{doxygen,
  author =       {Dimitri van Heesch},
  howpublished = {[Online]},
  comment =      {Doxygen Webseite},
  timestamp =    {2016-02-26},
  url =          {http://www.stack.nl/~dimitri/doxygen/}
}

@InProceedings{Grisetti-ICRA-2005,
  author =    {G. Grisetti and C. Stachniss and W. Burgard},
  title =     {Improving Grid-based SLAM with Rao-Blackwellized Particle Filters by Adaptive Proposals and Selective Resampling},
  booktitle = {Robotics and Automation, 2005. ICRA 2005. Proceedings of the 2005 IEEE International Conference on},
  year =      {2005},
  pages =     {2432-2437},
  month =     {April},
  doi =       {10.1109/ROBOT.2005.1570477},
  keywords =  {Adaptive filters;Computer science;Distributed computing;Large-scale systems;Mobile robots;Orbital robotics;Particle filters;Proposals;Simultaneous localization and mapping;Uncertainty}
}

@Article{Grisetti-T-RO-2007,
  author =   {G. Grisetti and C. Stachniss and W. Burgard},
  title =    {Improved Techniques for Grid Mapping With Rao-Blackwellized Particle Filters},
  journal =  {IEEE Transactions on Robotics},
  year =     {2007},
  volume =   {23},
  number =   {1},
  pages =    {34-46},
  month =    {Feb},
  doi =      {10.1109/TRO.2006.889486},
  issn =     {1552-3098},
  keywords = {SLAM (robots);mobile robots;particle filtering (numerical methods);Rao-Blackwellized particle filters;grid mapping;mobile robots;particle depletion;simultaneous localization and mapping problem;Computer science;Contracts;Distributed computing;Mobile robots;Orbital robotics;Particle filters;Proposals;Robot sensing systems;Simultaneous localization and mapping;Uncertainty;Adaptive resampling;Rao-Blackwellized particle filter (RBPF);improved proposal;motion model;simultaneous localization and mapping (SLAM)}
}

@Misc{multimaster-fkie,
  author =       {Alexander Tiderko},
  title =        {multimaster fkie},
  howpublished = {[Online] Available},
  comment =      {multifaster fkie Eintrag in der ROS wiki},
  timestamp =    {2016-02-26},
  url =          {http://wiki.ros.org/multimasterfkie}
}

@Conference{Quigley-ICRA-2009,
  author =    {Morgan Quigley and Ken Conley and Brian P. Gerkey and Josh Faust and Tully Foote and Jeremy Leibs and Rob Wheeler and Andrew Y. Ng},
  title =     {ROS: an open-source Robot Operating System},
  booktitle = {ICRA Workshop on Open Source Software},
  year =      {2009},
  url =       {http://www.willowgarage.com/sites/default/files/icraoss09-ROS.pdf}
}

@Misc{rocon,
  author =       {Daniel Stonier, Jihoon Lee and HyungRyul Kim},
  title =        {Robotics in Concert},
  howpublished = {Online},
  timestamp =    {2016-02-26},
  url =          {http://www.robotconcert.org}
}\begin{thebibliography}{}

\bibitem[{\sc Murphy}, 1999]{murphy99}
{\sc Murphy, K.}\ (1999).
\newblock {\em Bayesian Map Learning in Dynamic Environments\/}.
\newblock \Btxinshort{.}\ {\em Advances in Neural Information Processing
  Systems (NIPS)\/}, \btxvolumeshort{.}~12, \btxpagesshort{.}\ 1015--1021. MIT
  Press (2000).

\end{thebibliography}
